
@incollection{NIPS2016_6300,
title = {Examples are not enough, learn to criticize! Criticism for Interpretability},
author = {Kim, Been and Khanna, Rajiv and Koyejo, Oluwasanmi O},
booktitle = {Advances in Neural Information Processing Systems 29},
editor = {D. D. Lee and M. Sugiyama and U. v. Luxburg and I. Guyon and R. Garnett},
pages = {2280--2288},
year = {2016},
publisher = {Curran Associates, Inc.},
url = {http://papers.nips.cc/paper/6300-examples-are-not-enough-learn-to-criticize-criticism-for-interpretability.pdf}
}
