@MISC{goetz13,
  AUTHOR       = {Brian Goetz},
  TITLE        = {State of the Lambda},
  YEAR         = 2013,
  HOWPUBLISHED = "Website",
  NOTE         = "\url{http://cr.openjdk.java.net/~briangoetz/lambda/lambda-state-final.html};
                  abgerufen am 25.04.2019"
}

@MISC{kyle16,
  AUTHOR       = {Jamie Kyle},
  TITLE        = {Type Systems: Structural vs. Nominal typing explained},
  YEAR         = 2016,
  HOWPUBLISHED = "Website",
  NOTE         = "\url{https://medium.com/@thejameskyle/type-systems-structural-vs-nominal-typing-explained-56511dd969f4};
                  abgerufen am 25.04.2019"
}

@book{Gallardo14,
 author = {Gallardo, Raymond and Hommel, Scott and Kannan, Sowmya and Gordon, Joni and Zakhour, Sharon Biocca},
 title = {The Java Tutorial: A Short Course on the Basics (6th Edition)},
 year = {2014},
 isbn = {0134034082, 9780134034089},
 edition = {6th},
 publisher = {Addison-Wesley Professional},
} 

@book{Gosling14,
 author = {Gosling, James and Joy, Bill and Steele, Guy L. and Bracha, Gilad and Buckley, Alex},
 title = {The Java Language Specification, Java SE 8 Edition},
 year = {2014},
 isbn = {013390069X, 9780133900699},
 edition = {1st},
 publisher = {Addison-Wesley Professional},
} 