@article{Barocas.2016,
 author = {Barocas, Solon and Selbst, Andrew D.},
 year = {2016},
 title = {Big Data's Disparate Impact},
 journal = {SSRN Electronic Journal},
 doi = {10.2139/ssrn.2477899}
}